@Book{seber2012linear,
  title     = {Linear regression analysis},
  author    = {Seber, George AF and Lee, Alan J},
  year      = {2012},
  publisher ={John Wiley \& Sons}
}

@Article{uyanik2013study,
  title={A study on multiple linear regression analysis},
  author={Uyan{\i}k, G{\"u}lden Kaya and G{\"u}ler, Ne{\c{s}}e},
  journal={Procedia-Social and Behavioral Sciences},
  volume={106},
  pages={234--240},
  year={2013},
  publisher={Elsevier}
}

@Article{Bias2020,
  title={Bias and Variance in simple terms},
  author={Surya Gutta},
  publisher={Analytics Vidhya},
  year={2020},
  url={https://medium.com/analytics-vidhya/difference-between-bias-and-variance-in-machine-learning-fec71880c757}
}

@Article{farrar1967multicollinearity,
  title  = {Multicollinearity in regression analysis: the problem revisited},
  author={Farrar, Donald E and Glauber, Robert R},
  journal={The Review of Economic and Statistics},
  pages={92--107},
  year={1967},
  publisher={JSTOR}
}
@Article{dong2016moving,
  title={Moving low-carbon transportation in Xinjiang: Evidence from STIRPAT and rigid regression models},
  author={Dong, Jiefang and Deng, Chun and Li, Rongrong and Huang, Jieyu},
  journal={Sustainability},
  volume={9},
  number={1},
  pages={24},
  year={2016},
  publisher={MDPI}
}